@misc{arduino_heart,
    title={Monitor Heart Rate using Pulse Sensor and ESP32},
    url={https://microcontrollerslab.com/pulse-sensor-esp32-tutorial/},
}

@misc{arduino_oled,
    title={Guide for I2C OLED Display with Arduino},
    url={https://randomnerdtutorials.com/guide-for-oled-display-with-arduino/},
}

@misc{esp-doc,
    title={ESP32 Hardware Reference},
    url={https://docs.espressif.com/projects/esp-idf/en/latest/esp32/hw-reference/index.html},
}